@article{script,
	title={An Introduction to Neural Networks},
	author={Kr√∂se, Ben and van der Smagt, Patrick},
	year={1996},
	edition={8}
}

@article{projektbericht,
	title={Neuronale Netze Projektbericht},
	author={Lennart Leggewie and Alexander Schallenberg and Alexandra Zarkh and Sui Yin Zhang},
	year={2021},
	pubstate={unpublished}
}